@article{marr1976understanding,
  title={From understanding computation to understanding neural circuitry},
  author={Marr, David and Poggio, Tomaso},
  year={1976}
}
@book{dawson1998understanding,
  title={Understanding cognitive science},
  author={Dawson, Michael RW},
  year={1998},
  publisher={Blackwell Oxford}
}
@article{ballard1982computer,
  title={Computer vision, 1982},
  author={Ballard, Dana H and Brown, Christopher M},
  journal={Prenice-Hall, Englewood Cliffs, NJ},
  year={1982}
}
@article{huang1996computer,
  title={Computer Vision: Evolution and Promise},
  author={Huang, TS},
  journal={CERN EUROPEAN ORGANIZATION FOR NUCLEAR RESEARCH-REPORTS-CERN},
  pages={21--26},
  year={1996}
}
@book{sonka2014image,
  title={Image processing, analysis, and machine vision},
  author={Sonka, Milan and Hlavac, Vaclav and Boyle, Roger},
  year={2014},
  publisher={Cengage Learning}
}
@article{lecun2015deep,
  title={Deep learning},
  author={LeCun, Yann and Bengio, Yoshua and Hinton, Geoffrey},
  journal={Nature},
  volume={521},
  number={7553},
  pages={436--444},
  year={2015},
  publisher={Nature Research}
}
@article{tabernik2016towards,
  title={Towards Deep Compositional Networks},
  author={Tabernik, Domen and Kristan, Matej and Wyatt, Jeremy L and Leonardis, Ale{\v{s}}},
  journal={arXiv preprint arXiv:1609.03795},
  year={2016}
}
@article{zhang2016range,
  title={Range Loss for Deep Face Recognition with Long-tail},
  author={Zhang, Xiao and Fang, Zhiyuan and Wen, Yandong and Li, Zhifeng and Qiao, Yu},
  journal={arXiv preprint arXiv:1611.08976},
  year={2016}
}
@article{morgan2007development,
  title={Development of cell types and synaptic connections in the retina},
  author={Morgan, Josh and Wong, Rachel},
  year={2007},
  publisher={University of Utah Health Sciences Center}
}
@article{yamins2016using,
  title={Using goal-driven deep learning models to understand sensory cortex},
  author={Yamins, Daniel LK and DiCarlo, James J},
  journal={Nature neuroscience},
  volume={19},
  number={3},
  pages={356--365},
  year={2016},
  publisher={Nature Publishing Group}
}
@article{wang2017multi,
  title={A Multi-Resolution Approach for Spinal Metastasis Detection using Deep Siamese Neural Networks},
  author={Wang, Juan and Fang, Zhiyuan and Lang, Ning and Yuan, Huishu and Su, Min-Ying and Baldi, Pierre},
  journal={Computers in Biology and Medicine},
  year={2017},
  publisher={Elsevier}
}